@article{?,
author = {Probert, R. L.},
title = {Optimal Insertion of Software Probes in Well-Delimited Programs},
year = {1982},
issue_date = {January 1982},
publisher = {IEEE Press},
volume = {8},
number = {1},
issn = {0098-5589},
url = {https://doi.org/10.1109/TSE.1982.234772},
doi = {10.1109/TSE.1982.234772},
journal = {IEEE Trans. Softw. Eng.},
month = {jan},
pages = {34â€“42},
numpages = {9},
}